@GLOSSDEF{RIT,
  word="RIT",
  definition={Rochester Institute of Technology - My institute of higher
  learning of choice...}
}

@GLOSSDEF{Term,
  word="Term",
  definition={Complex technical term that need a definition.}
}
